%YAML 1.1
%TAG !u! tag:unity3d.com,2011:
--- !u!1001 &100100000
Prefab:
  m_ObjectHideFlags: 1
  serializedVersion: 2
  m_Modification:
    m_TransformParent: {fileID: 0}
    m_Modifications: []
    m_RemovedComponents: []
  m_ParentPrefab: {fileID: 0}
  m_RootGameObject: {fileID: 1017695989008440}
  m_IsPrefabParent: 1
--- !u!1 &1017695989008440
GameObject:
  m_ObjectHideFlags: 0
  m_PrefabParentObject: {fileID: 0}
  m_PrefabInternal: {fileID: 100100000}
  serializedVersion: 5
  m_Component:
  - component: {fileID: 4940209828771632}
  - component: {fileID: 114648401815565622}
  m_Layer: 0
  m_Name: MeteorProjectile
  m_TagString: Untagged
  m_Icon: {fileID: 0}
  m_NavMeshLayer: 0
  m_StaticEditorFlags: 0
  m_IsActive: 1
--- !u!1 &1647345939360100
GameObject:
  m_ObjectHideFlags: 0
  m_PrefabParentObject: {fileID: 0}
  m_PrefabInternal: {fileID: 100100000}
  serializedVersion: 5
  m_Component:
  - component: {fileID: 4092974310476304}
  - component: {fileID: 212489817916200270}
  - component: {fileID: 114333441971660942}
  - component: {fileID: 114739586217667446}
  m_Layer: 0
  m_Name: Sprite
  m_TagString: Untagged
  m_Icon: {fileID: 0}
  m_NavMeshLayer: 0
  m_StaticEditorFlags: 0
  m_IsActive: 1
--- !u!4 &4092974310476304
Transform:
  m_ObjectHideFlags: 1
  m_PrefabParentObject: {fileID: 0}
  m_PrefabInternal: {fileID: 100100000}
  m_GameObject: {fileID: 1647345939360100}
  m_LocalRotation: {x: 0, y: 0, z: 0, w: 1}
  m_LocalPosition: {x: 0, y: 0.3, z: 0}
  m_LocalScale: {x: 1, y: 1, z: 1}
  m_Children: []
  m_Father: {fileID: 4940209828771632}
  m_RootOrder: 0
  m_LocalEulerAnglesHint: {x: 0, y: 0, z: 0}
--- !u!4 &4940209828771632
Transform:
  m_ObjectHideFlags: 1
  m_PrefabParentObject: {fileID: 0}
  m_PrefabInternal: {fileID: 100100000}
  m_GameObject: {fileID: 1017695989008440}
  m_LocalRotation: {x: -0, y: -0, z: -0, w: 1}
  m_LocalPosition: {x: 0, y: 0, z: 0}
  m_LocalScale: {x: 1, y: 1, z: 1}
  m_Children:
  - {fileID: 4092974310476304}
  m_Father: {fileID: 0}
  m_RootOrder: 0
  m_LocalEulerAnglesHint: {x: 0, y: 0, z: 0}
--- !u!114 &114333441971660942
MonoBehaviour:
  m_ObjectHideFlags: 1
  m_PrefabParentObject: {fileID: 0}
  m_PrefabInternal: {fileID: 100100000}
  m_GameObject: {fileID: 1647345939360100}
  m_Enabled: 1
  m_EditorHideFlags: 0
  m_Script: {fileID: 11500000, guid: 88fb3ea51bb752b49abd5037a4f40f6a, type: 3}
  m_Name: 
  m_EditorClassIdentifier: 
  spriteRenderer: {fileID: 212489817916200270}
  list:
  - animationName: Explosion
    animation:
      speedRatio: 1
      loop: 0
      frameToLoop: 0
      frameDatas:
      - sprite: {fileID: 21300514, guid: bf030c29286d4884f947d405ba913d6b, type: 3}
        time: 0.1
        eventEnabled: 0
        eventName: 
      - sprite: {fileID: 21300516, guid: bf030c29286d4884f947d405ba913d6b, type: 3}
        time: 0.1
        eventEnabled: 0
        eventName: 
      - sprite: {fileID: 21300518, guid: bf030c29286d4884f947d405ba913d6b, type: 3}
        time: 0.1
        eventEnabled: 0
        eventName: 
      - sprite: {fileID: 21300520, guid: bf030c29286d4884f947d405ba913d6b, type: 3}
        time: 0.1
        eventEnabled: 0
        eventName: 
      - sprite: {fileID: 21300522, guid: bf030c29286d4884f947d405ba913d6b, type: 3}
        time: 0.1
        eventEnabled: 0
        eventName: 
      - sprite: {fileID: 21300524, guid: bf030c29286d4884f947d405ba913d6b, type: 3}
        time: 0.1
        eventEnabled: 0
        eventName: 
      name: Explosion
      selectedIndex: 5
      newFramesTime: 0.1
    file: {fileID: 11400000, guid: 7a667b8f5b9e5d145876d478388dc3eb, type: 2}
  assets:
  - {fileID: 11400000, guid: 7a667b8f5b9e5d145876d478388dc3eb, type: 2}
  mode: 0
  animIdx: -1
  speedRatio: 1
  minPlayFrom: 0
  maxPlayFrom: 0
  playFrom: 0
  autoStart: 0
--- !u!114 &114648401815565622
MonoBehaviour:
  m_ObjectHideFlags: 1
  m_PrefabParentObject: {fileID: 0}
  m_PrefabInternal: {fileID: 100100000}
  m_GameObject: {fileID: 1017695989008440}
  m_Enabled: 1
  m_EditorHideFlags: 0
  m_Script: {fileID: 11500000, guid: 7d27fa56223036846badc35a3aa67f9e, type: 3}
  m_Name: 
  m_EditorClassIdentifier: 
  controller: {fileID: 114739586217667446}
  projectileType: 0
  movementType: 0
  moveEase: 1
  spawnPoint: 1
  offsetPosition: {x: 2, y: 2, z: 0}
  targetOffset: {x: 0, y: 0.25, z: 0}
  duration: 0.1
--- !u!114 &114739586217667446
MonoBehaviour:
  m_ObjectHideFlags: 1
  m_PrefabParentObject: {fileID: 0}
  m_PrefabInternal: {fileID: 100100000}
  m_GameObject: {fileID: 1647345939360100}
  m_Enabled: 1
  m_EditorHideFlags: 0
  m_Script: {fileID: 11500000, guid: 39ceccb0892a94a42a926f8cc41851c4, type: 3}
  m_Name: 
  m_EditorClassIdentifier: 
--- !u!212 &212489817916200270
SpriteRenderer:
  m_ObjectHideFlags: 1
  m_PrefabParentObject: {fileID: 0}
  m_PrefabInternal: {fileID: 100100000}
  m_GameObject: {fileID: 1647345939360100}
  m_Enabled: 1
  m_CastShadows: 0
  m_ReceiveShadows: 0
  m_MotionVectors: 1
  m_LightProbeUsage: 0
  m_ReflectionProbeUsage: 0
  m_Materials:
  - {fileID: 2100000, guid: 6b2b4697719b447daa2819190b855294, type: 2}
  m_StaticBatchInfo:
    firstSubMesh: 0
    subMeshCount: 0
  m_StaticBatchRoot: {fileID: 0}
  m_ProbeAnchor: {fileID: 0}
  m_LightProbeVolumeOverride: {fileID: 0}
  m_ScaleInLightmap: 1
  m_PreserveUVs: 0
  m_IgnoreNormalsForChartDetection: 0
  m_ImportantGI: 0
  m_SelectedEditorRenderState: 0
  m_MinimumChartSize: 4
  m_AutoUVMaxDistance: 0.5
  m_AutoUVMaxAngle: 89
  m_LightmapParameters: {fileID: 0}
  m_SortingLayerID: 0
  m_SortingOrder: 3
  m_Sprite: {fileID: 21300512, guid: bf030c29286d4884f947d405ba913d6b, type: 3}
  m_Color: {r: 1, g: 1, b: 1, a: 1}
  m_FlipX: 0
  m_FlipY: 0
